<?xml version="1.0" encoding="UTF-8"?><collection xmlns="http://www.loc.gov/MARC21/slim"><record><leader>00614nam--2200193-i-4500</leader><controlfield tag="001">000000021</controlfield><controlfield tag="002">20161230</controlfield><controlfield tag="005">20170117113211</controlfield><controlfield tag="008">060222s1000------------r-----000-0-rum-d</controlfield><datafield ind1=" " ind2=" " tag="040"><subfield code="a">IFIN-HH</subfield></datafield><datafield ind1=" " ind2=" " tag="041"><subfield code="a">rum</subfield></datafield><datafield ind1=" " ind2=" " tag="080"><subfield code="a">622(043)</subfield></datafield><datafield ind1="1" ind2=" " tag="100"><subfield code="a">Frunza, Viorica</subfield></datafield><datafield ind1="1" ind2="0" tag="245"><subfield code="a">Elaborarea si studiul proprietatilor fizice ale sticlelor magnetice de tip metal de tranzitie-metaloid</subfield><subfield code="b">Teza</subfield><subfield code="c">Viorica Frunza</subfield></datafield><datafield ind1=" " ind2=" " tag="260"><subfield code="a">Bucuresti</subfield><subfield code="b">Institutul De Fizica Atomica</subfield><subfield code="c">1991</subfield></datafield><datafield ind1=" " ind2=" " tag="300"><subfield code="a">127 P. + 6 PLANSE</subfield></datafield><datafield ind1=" " ind2=" " tag="502"><subfield code="a">Conducator Stiintific: Prof.Dr. Danila Barb</subfield></datafield><datafield ind1=" " ind2=" " tag="852"><subfield code="6">79959</subfield><subfield code="c">539.2</subfield></datafield><datafield ind1=" " ind2=" " tag="CAT"><subfield code="a">SYS</subfield><subfield code="c">20170117</subfield><subfield code="h">113211</subfield></datafield></record></collection>